<record><leader>00000cas a22000007a 4500</leader><controlfield tag="001">35297034</controlfield><controlfield tag="008">960823d19881993nyuwr ne      0    0eng d</controlfield><datafield ind1=" " ind2=" " tag="010"><subfield code="a">sn 96083602 </subfield></datafield><datafield ind1=" " ind2=" " tag="040"><subfield code="a">NYS</subfield><subfield code="b">eng</subfield><subfield code="c">NYS</subfield><subfield code="d">OCLCQ</subfield><subfield code="d">OCLCO</subfield></datafield><datafield ind1="1" ind2=" " tag="029"><subfield code="a">AU@</subfield><subfield code="b">000012911170</subfield></datafield><datafield ind1=" " ind2=" " tag="042"><subfield code="a">msc</subfield></datafield><datafield ind1=" " ind2=" " tag="043"><subfield code="a">n-us-ny</subfield></datafield><datafield ind1="0" ind2="4" tag="245"><subfield code="a">The St. James times.</subfield></datafield><datafield ind1="1" ind2="3" tag="246"><subfield code="a">Times-beacon newspapers</subfield></datafield><datafield ind1=" " ind2=" " tag="260"><subfield code="a">St. James, N.Y. :</subfield><subfield code="b">Leah Dunaief</subfield></datafield><datafield ind1=" " ind2=" " tag="300"><subfield code="a">v.</subfield></datafield><datafield ind1=" " ind2=" " tag="310"><subfield code="a">Weekly</subfield></datafield><datafield ind1="0" ind2=" " tag="362"><subfield code="a">Vol. 1, no. 1 (Apr. 14, 1988)-v. 5, no. 52 (Mar. 11, 1993).</subfield></datafield><datafield ind1=" " ind2="0" tag="651"><subfield code="a">Saint James (N.Y.)</subfield><subfield code="x">Newpspapers.</subfield></datafield><datafield ind1=" " ind2="0" tag="651"><subfield code="a">Suffolk County (N.Y.)</subfield><subfield code="v">Newspapers.</subfield></datafield><datafield ind1=" " ind2=" " tag="752"><subfield code="a">United States</subfield><subfield code="b">New York</subfield><subfield code="c">Suffolk</subfield><subfield code="d">St. James.</subfield></datafield><datafield ind1="0" ind2="0" tag="785"><subfield code="t">Times (Setauket, N.Y. : St. James ed.)</subfield><subfield code="w">(DLC)sn 96083599</subfield><subfield code="w">(OCoLC)35296907</subfield></datafield></record>